% This file was created with JabRef 2.8.1.
% Encoding: Cp1252

@ELECTRONIC{URL2012,
  author = {Company},
  year = {2011},
  title = {{Excel specifications and limits}},
  note = {\url{http://office.microsoft.com/en-us/excel-help/excel-specifications-and-limits-HP005199291.aspx} retrieved December 31, 2012},
  owner = {User}
}

@ARTICLE{BigArticle,
  author = {Jass, Hugh},
  title = {A big paper},
  journal = {The journal of big papers},
  year = {1997},
  volume = {MCMXCVII},
  pages = {220}
}

@MISC{JohnDoe2012,
  author = {{John Doe}},
  title = {{Very important Title}},
  month = {Juny},
  year = {2012},
  abstract = {Text goes here},
  citeseerurl = {2012.06.30},
  owner = {User},
  timestamp = {2012.06.30},
  url = {http://www.example.com/example.pdf}
}

